 @article{bonevac84,
     jstor_articletype = {research-article},
     title = {Systems of Substitutional Semantics},
     author = {Bonevac, Daniel},
     journal = {Philosophy of Science},
     jstor_issuetitle = {},
     volume = {51},
     number = {4},
     jstor_formatteddate = {Dec., 1984},
     pages = {pp. 631-656},
     url = {http://www.jstor.org/stable/187979},
     ISSN = {00318248},
     language = {English},
     year = {1984},
     publisher = {The University of Chicago Press on behalf of the Philosophy of Science Association},
     copyright = {Copyright © 1984 Philosophy of Science Association},
    }

@article{dunn,
     jstor_articletype = {research-article},
     title = {The Substitution Interpretation of the Quantifiers},
     author = {Dunn, J. Michael and Belnap, Nuel D.},
     journal = {Noûs},
     jstor_issuetitle = {},
     volume = {2},
     number = {2},
     jstor_formatteddate = {May, 1968},
     pages = {pp. 177-185},
     url = {http://www.jstor.org/stable/2214704},
     ISSN = {00294624},
     abstract = {},
     language = {English},
     year = {1968},
     publisher = {Blackwell Publishing},
     copyright = {Copyright © 1968 Blackwell Publishing},
    }

@article{1951,
     jstor_articletype = {research-article},
     title = {Symposium: On What There Is},
     author = {Geach, P. T. and Ayer, A. J. and Quine, W. V.},
     journal = {Proceedings of the Aristotelian Society, Supplementary Volumes},
     jstor_issuetitle = {Freedom, Language, and Reality},
     volume = {25},
     number = {},
     jstor_formatteddate = {1951},
     pages = {pp. 125-160},
     url = {http://www.jstor.org/stable/4106673},
     ISSN = {03097013},
     abstract = {},
     language = {English},
     year = {1951},
     publisher = {Blackwell Publishing on behalf of The Aristotelian Society},
     copyright = {Copyright © 1951 The Aristotelian Society},
    }

@inbook{hesse,
  author = {Hesse, M.B.},
  title= {Models and analogies in science},
  year = {1966},
  address = {Notre Dame},
  publisher = {University of Notre Dame Press},
}


@article{inwagen,
   author = {Inwagen, Peter},
   title = "Why {I} Don't Understand Substitutional Quantification",
   journal = {Philosophical Studies},
   publisher = {Springer Netherlands},
   pages = {281-285},
   volume = 39,
   issue = 3,
   year = 1981
  }

@incollection {Marcus95,
	author = "Marcus, Ruth Barcan",
	title = "Nominalism and the Substitutional Quantifier",
	booktitle = "Modalities",
	year = "24 August 1995",
	pages = "111-125(15)"
}


@incollection { kripke,
    author =    "Kripke, Saul",
    title =	"Is There a Problem About Substitutional Quantification?",
    booktitle = "Truth and Meaning: Essays in Semantics",
    publisher = "Oxford University Press",
    editor =    "Evans, Gareth and McDowell, John",
    year = 	{2002},
    pages= {325-419}
  }

  @article{marcus72,
     jstor_articletype = {research-article},
     title = {Quantification and Ontology},
     author = {Marcus, Ruth Barcan},
     journal = {Noûs},
     jstor_issuetitle = {},
     volume = {6},
     number = {3},
     jstor_formatteddate = {Sep., 1972},
     pages = {pp. 240-250},
     url = {http://www.jstor.org/stable/2214772},
     ISSN = {00294624},
     abstract = {},
     language = {English},
     year = {1972},
     publisher = {Blackwell Publishing},
     copyright = {Copyright © 1972 Blackwell Publishing},
    }

 @article{melia,
     jstor_articletype = {research-article},
     title = {On What There's Not},
     author = {Melia, Joseph},
     journal = {Analysis},
     jstor_issuetitle = {},
     volume = {55},
     number = {4},
     jstor_formatteddate = {Oct., 1995},
     pages = {pp. 223-229},
     url = {http://www.jstor.org/stable/3328390},
     ISSN = {00032638},
     abstract = {},
     language = {English},
     year = {1995},
     publisher = {Oxford University Press on behalf of The Analysis Committee},
     copyright = {Copyright © 1995 The Analysis Committee},
    }

@inbook{moore,
  title = "Philosophical Studies",
  author = "Moore, George E.",
  publisher = "K. Paul, Trench, Trubner \& Co",
  year = {1922},
  address = {London}
}

@inbook{quine,
  title = "From a Logical Point of View",
  author = "Quine, Willard",
  publisher = "Harvard University Press",
  address = {Cambridge},
  year = {1980}
}

@inbook{soames,
  title = "Understanding Truth",
  author = "Soames, Scott",
  publisher = "Oxford University Press",
  address = {New York},
  year = {1999}
}

@INPROCEEDINGS{yablo,
    author = {Yablo, Stephen and Gallois, Andre},
    title = {Does Ontology Rest On A Mistake?},
    volume = {72},
    booktitle = {Proceedings of the Aristotelian Society, Supplementary Volumes},
    year = {1998},
    pages = {229-261}
}
